
@article{gelman_why_2012,
	title = {Why we (usually) don't have to worry about multiple comparisons},
	volume = {5},
	issn = {1934-5747},
	number = {2},
	journal = {Journal of Research on Educational Effectiveness},
	author = {Gelman, Andrew and Hill, Jennifer and Yajima, Masanao},
	year = {2012},
	pages = {189--211}
}

@article{gelman_type_2000,
	title = {Type {S} error rates for classical and {Bayesian} single and multiple comparison procedures},
	volume = {15},
	issn = {0943-4062},
	number = {3},
	journal = {Computational Statistics},
	author = {Gelman, Andrew and Tuerlinckx, Francis},
	year = {2000},
	pages = {373--390}
}

@article{houston_assessing_2007,
	title = {Assessing speech discrimination in individual infants},
	volume = {12},
	issn = {1525-0008},
	number = {2},
	journal = {Infancy},
	author = {Houston, Derek M and Horn, David L and Qi, Rong and Ting, Jonathan Y and Gao, Sujuan},
	year = {2007},
	pages = {119--145}
}

@article{tsao_speech_2004,
	title = {Speech perception in infancy predicts language development in the second year of life: {A} longitudinal study},
	volume = {75},
	issn = {0009-3920},
	number = {4},
	journal = {Child development},
	author = {Tsao, Feng‐Ming and Liu, Huei‐Mei and Kuhl, Patricia K},
	year = {2004},
	pages = {1067--1084}
}

@article{maurer_perceptual_2014,
	title = {Perceptual narrowing during infancy: {A} comparison of language and faces},
	volume = {56},
	issn = {0012-1630},
	number = {2},
	journal = {Developmental Psychobiology},
	author = {Maurer, Daphne and Werker, Janet F},
	year = {2014},
	pages = {154--178}
}

@article{tsuji_perceptual_2014,
	title = {Perceptual attunement in vowels: {A} meta‐analysis},
	volume = {56},
	issn = {0012-1630},
	number = {2},
	journal = {Developmental psychobiology},
	author = {Tsuji, Sho and Cristia, Alejandrina},
	year = {2014},
	pages = {179--191}
}

@book{sokolov_perception_1963,
	address = {New York, NY},
	title = {Perception and the conditioned reflex},
	publisher = {Macmillan},
	author = {Sokolov, Evgenii Nikolaevich},
	year = {1963}
}

@article{colombo_infant_2009,
	title = {Infant visual habituation},
	volume = {92},
	issn = {1074-7427},
	number = {2},
	journal = {Neurobiology of learning and memory},
	author = {Colombo, John and Mitchell, D Wayne},
	year = {2009},
	pages = {225--234}
}

@article{oakes_using_2010,
	title = {Using habituation of looking time to assess mental processes in infancy},
	volume = {11},
	number = {3},
	journal = {Journal of Cognition and Development},
	author = {Oakes, Lisa M.},
	year = {2010},
	pages = {255--268}
}

@article{cristia_predicting_2014,
	title = {Predicting individual variation in language from infant speech perception measures},
	volume = {85},
	issn = {0009-3920},
	number = {4},
	journal = {Child development},
	author = {Cristia, Alejandrina and Seidl, Amanda and Junge, Caroline and Soderstrom, Melanie and Hagoort, Peter},
	year = {2014},
	pages = {1330--1345}
}

@article{altvater-mackensen_learning_2015,
	title = {Learning to match auditory and visual speech cues: {Social} influences on acquisition of phonological categories},
	volume = {86},
	issn = {0009-3920},
	number = {2},
	journal = {Child Development},
	author = {Altvater-Mackensen, Nicole and Grossmann, Tobias},
	year = {2015},
	pages = {362--378}
}

@article{cristia_fine-grained_2011,
	title = {Fine-grained variation in caregivers'/s/predicts their infants'/s/category},
	volume = {129},
	issn = {0001-4966},
	number = {5},
	journal = {The Journal of the Acoustical Society of America},
	author = {Cristia, Alejandrina},
	year = {2011},
	pages = {3271--3280}
}

@article{melvin_home_2017,
	title = {Home environment, but not socioeconomic status, is linked to differences in early phonetic perception ability},
	volume = {22},
	issn = {1525-0008},
	number = {1},
	journal = {Infancy},
	author = {Melvin, Samantha A and Brito, Natalie H and Mack, Luke J and Engelhardt, Laura E and Fifer, William P and Elliott, Amy J and Noble, Kimberly G},
	year = {2017},
	pages = {42--55}
}

@article{molfese_predicting_2000,
	title = {Predicting dyslexia at 8 years of age using neonatal brain responses},
	volume = {72},
	issn = {0093-934X},
	number = {3},
	journal = {Brain and language},
	author = {Molfese, Dennis L},
	year = {2000},
	pages = {238--245}
}

@article{newman_infants_2006,
	title = {Infants' early ability to segment the conversational speech signal predicts later language development: {A} retrospective analysis.},
	volume = {42},
	issn = {1939-0599},
	number = {4},
	journal = {Developmental psychology},
	author = {Newman, Rochelle and Ratner, Nan Bernstein and Jusczyk, Ann Marie and Jusczyk, Peter W and Dow, Kathy Ayala},
	year = {2006},
	pages = {643}
}

@article{houston-price_distinguishing_2004,
	title = {Distinguishing novelty and familiarity effects in infant preference procedures},
	volume = {13},
	issn = {1522-7227},
	number = {4},
	journal = {Infant and Child Development: An International Journal of Research and Practice},
	author = {Houston-Price, Carmel and Nakai, Satsuki},
	year = {2004},
	pages = {341--348}
}

@article{aslin_methodological_2005,
	title = {Methodological challenges for understanding cognitive development in infants},
	volume = {9},
	issn = {1364-6613},
	number = {3},
	journal = {Trends in cognitive sciences},
	author = {Aslin, Richard N and Fiser, József},
	year = {2005},
	pages = {92--98}
}

@article{cristia_test-retest_2016,
	title = {Test-retest reliability in infant speech perception tasks},
	volume = {21},
	issn = {1525-0008},
	number = {5},
	journal = {Infancy},
	author = {Cristia, Alejandrina and Seidl, Amanda and Singh, Leher and Houston, Derek},
	year = {2016},
	pages = {648--667}
}

@article{de_klerk_lost_2019,
	title = {Lost and {Found}: {Decline} and {Reemergence} of {Non}-{Native} {Vowel} {Discrimination} in the {First} {Year} of {Life}},
	volume = {15},
	issn = {1547-5441},
	number = {1},
	journal = {Language Learning and Development},
	author = {{de Klerk}, Maartje and {de Bree}, Elise and Kerkhoff, Annemarie and Wijnen, Frank},
	year = {2019},
	pages = {14--31}
}

@article{dijkstra_universal_2011,
	title = {Universal {Constraints} on the {Discrimination} of {Place} of {Articulation}? {Asymmetries} in the {Discrimination} of 'paan'and 'taan' by 6-month-old {Dutch} {Infants}},
	author = {Dijkstra, CGJ and Fikkert, JPM},
	year = {2011}
}

@article{horn_speech_2007,
	title = {Speech discrimination skills in deaf infants before and after cochlear implantation},
	volume = {5},
	issn = {1651-386X},
	number = {4},
	journal = {Audiological medicine},
	author = {Horn, David L and Houston, Derek M and Miyamoto, Richard T},
	year = {2007},
	pages = {232--241}
}

@article{liu_bilingual_2015,
	title = {Bilingual exposure influences infant {VOT} perception},
	volume = {38},
	issn = {0163-6383},
	journal = {Infant Behavior and Development},
	author = {Liu, Liquan and Kager, René},
	year = {2015},
	pages = {27--36}
}

@article{liu_perception_2016,
	title = {Perception of a native vowel contrast by {Dutch} monolingual and bilingual infants: {A} bilingual perceptual lead},
	volume = {20},
	issn = {1367-0069},
	number = {3},
	journal = {International Journal of Bilingualism},
	author = {Liu, Liquan and Kager, René},
	year = {2016},
	pages = {335--345}
}

@article{smits_unfolding_2003,
	title = {Unfolding of phonetic information over time: {A} database of {Dutch} diphone perception},
	volume = {113},
	issn = {0001-4966},
	number = {1},
	journal = {The Journal of the Acoustical Society of America},
	author = {Smits, Roel and Warner, Natasha and McQueen, James M and Cutler, Anne},
	year = {2003},
	pages = {563--574}
}

@article{junge_early_2014,
	title = {Early word recognition and later language skills},
	volume = {4},
	number = {4},
	journal = {Brain sciences},
	author = {Junge, Caroline and Cutler, Anne},
	year = {2014},
	pages = {532--559}
}

@article{benjamini_controlling_1995,
	title = {Controlling the false discovery rate: a practical and powerful approach to multiple testing},
	volume = {57},
	issn = {0035-9246},
	number = {1},
	journal = {Journal of the Royal statistical society: series B (Methodological)},
	author = {Benjamini, Yoav and Hochberg, Yosef},
	year = {1995},
	pages = {289--300}
}

@article{gelman_multilevel_2006,
	title = {Multilevel (hierarchical) modeling: what it can and cannot do},
	volume = {48},
	issn = {0040-1706},
	number = {3},
	journal = {Technometrics},
	author = {Gelman, Andrew},
	year = {2006},
	pages = {432--435}
}

@article{lee_bayesian_2018,
	title = {Bayesian methods in cognitive modeling},
	volume = {5},
	journal = {Stevens' Handbook of Experimental Psychology and Cognitive Neuroscience},
	author = {Lee, Michael D},
	year = {2018},
	pages = {1--48}
}

@article{kruschke_bayesian_2013,
	title = {Bayesian estimation supersedes the t test.},
	volume = {142},
	issn = {1939-2222},
	number = {2},
	journal = {Journal of Experimental Psychology: General},
	author = {Kruschke, John K},
	year = {2013},
	pages = {573}
}

@book{gelman_bayesian_2013,
	title = {Bayesian data analysis},
	isbn = {0-429-11307-2},
	publisher = {Chapman and Hall/CRC},
	author = {Gelman, Andrew and Carlin, John B and Stern, Hal S and Dunson, David B and Vehtari, Aki and Rubin, Donald B},
	year = {2013}
}

@article{gelman_prior_2006,
	title = {Prior distributions for variance parameters in hierarchical models (comment on article by {Browne} and {Draper})},
	volume = {1},
	issn = {1936-0975},
	number = {3},
	journal = {Bayesian analysis},
	author = {Gelman, Andrew},
	year = {2006},
	pages = {515--534}
}