
@article{bousquet_diagnostics_2008,
	title = {Diagnostics of prior-data agreement in applied {Bayesian} analysis},
	volume = {35},
	number = {9},
	journal = {Journal of Applied Statistics},
	author = {Bousquet, Nicolas},
	year = {2008},
	pages = {1011--1029}
}

@article{kullback_information_1951,
	title = {On information and sufficiency},
	volume = {22},
	number = {1},
	journal = {The annals of mathematical statistics},
	author = {Kullback, Solomon and Leibler, Richard A.},
	year = {1951},
	pages = {79--86}
}

@book{ohagan_uncertain_2006,
	title = {Uncertain judgements: eliciting experts' probabilities},
	isbn = {0-470-03330-4},
	publisher = {John Wiley \& Sons},
	author = {O'Hagan, Anthony and Buck, Caitlin E. and Daneshkhah, Alireza and Eiser, J. Richard and Garthwaite, Paul H. and Jenkinson, David J. and Oakley, Jeremy E. and Rakow, Tim},
	year = {2006}
}

@article{veen_proposal_2017,
	title = {Proposal for a {Five}-{Step} {Method} to {Elicit} {Expert} {Judgement}},
	volume = {8},
	journal = {Frontiers in psychology},
	author = {Veen, Duco and Stoel, Diederick and Zondervan-Zwijnenburg, Mariëlle and Van de Schoot, Rens},
	year = {2017},
	pages = {2110}
}

@article{morris_web-based_2014,
	title = {A web-based tool for eliciting probability distributions from experts},
	volume = {52},
	issn = {1364-8152},
	journal = {Environmental Modelling \& Software},
	author = {Morris, David E and Oakley, Jeremy E and Crowe, John A},
	year = {2014},
	pages = {1--4}
}

@article{horowitz_impact_1979,
	title = {Impact of {Event} {Scale}: {A} measure of subjective stress},
	volume = {41},
	issn = {0033-3174},
	number = {3},
	journal = {Psychosomatic medicine},
	author = {Horowitz, Mardi and Wilner, Nancy and Alvarez, William},
	year = {1979},
	pages = {209--218}
}

@article{veen_using_2018,
	title = {Using the {Data} {Agreement} {Criterion} to {Rank} {Experts}' {Beliefs}},
	volume = {20},
	number = {8},
	journal = {Entropy},
	author = {Veen, Duco and Stoel, Diederick and Schalken, Naomi and Mulder, Kees and Van de Schoot, Rens},
	year = {2018},
	pages = {592}
}

@incollection{oakley_eliciting_2010,
	address = {London},
	title = {Eliciting univariate probability distributions},
	volume = {1},
	booktitle = {Rethinking {Risk} {Measurement} and {Reporting}},
	publisher = {Risk Books},
	author = {Oakley, Jeremy},
	year = {2010}
}

@article{zondervan-zwijnenburg_application_2017,
	title = {Application and evaluation of an expert judgment elicitation procedure for correlations},
	volume = {8},
	journal = {Frontiers in psychology},
	author = {Zondervan-Zwijnenburg, Mariëlle and van de Schoot-Hubeek, Wenneke and Lek, Kimberley and Hoijtink, Herbert and Van de Schoot, Rens},
	year = {2017},
	pages = {90}
}

@techreport{cooke_procedures_1999,
	address = {Brussels},
	title = {Procedures guide for structured expert judgment},
	institution = {Commission of the European Communities},
	author = {Cooke, R M and Goossens, L J H},
	year = {1999}
}

@article{cooke_tu_2008,
	title = {{TU} {Delft} expert judgment data base},
	volume = {93},
	issn = {0951-8320},
	number = {5},
	journal = {Reliability Engineering \& System Safety},
	author = {Cooke, R M and Goossens, L H J},
	year = {2008},
	pages = {657--674}
}

@article{fischer_estimating_2013,
	title = {Estimating unknown parameters in haemophilia using expert judgement elicitation},
	volume = {19},
	issn = {1351-8216},
	number = {5},
	journal = {Haemophilia},
	author = {Fischer, K and Lewandowski, D and Janssen, MP},
	year = {2013},
	pages = {e282--e288}
}

@article{goldstein_lay_2014,
	title = {Lay understanding of probability distributions},
	volume = {9},
	issn = {1930-2975},
	number = {1},
	journal = {Judgment \& Decision Making},
	author = {Goldstein, Daniel G and Rothschild, David},
	year = {2014}
}

@article{gore_biostatistics_1987,
	title = {Biostatistics and the medical research council},
	volume = {35},
	journal = {Med. Res. Council News},
	author = {Gore, S},
	year = {1987},
	pages = {19--20}
}

@article{hald_world_2016,
	title = {World {Health} {Organization} estimates of the relative contributions of food to the burden of disease due to selected foodborne hazards: a structured expert elicitation},
	volume = {11},
	issn = {1932-6203},
	number = {1},
	journal = {PloS one},
	author = {Hald, Tine and Aspinall, Willy and Devleesschauwer, Brecht and Cooke, R M and Corrigan, Tim and Havelaar, Arie H and Gibb, Herman J and Torgerson, Paul R and Kirk, Martyn D and Angulo, Fred J},
	year = {2016},
	pages = {e0145839}
}

@incollection{barons_eliciting_2018,
	title = {Eliciting probabilistic judgements for integrating decision support systems},
	booktitle = {Elicitation},
	publisher = {Springer},
	author = {Barons, Martine J and Wright, Sophia K and Smith, Jim Q},
	editor = {Dias, Luis C. and Morton, Alec and Quigley, John},
	year = {2018},
	pages = {445--478}
}

@book{little_longitudinal_2013,
	title = {Longitudinal structural equation modeling},
	isbn = {1-4625-1027-2},
	publisher = {Guilford press},
	author = {Little, Todd D},
	year = {2013}
}

@article{duncan_introduction_2004,
	title = {An introduction to latent growth curve modeling},
	volume = {35},
	issn = {0005-7894},
	number = {2},
	journal = {Behavior therapy},
	author = {Duncan, Terry E and Duncan, Susan C},
	year = {2004},
	pages = {333--363}
}

@article{little_methods_2006,
	title = {Methods for the analysis of change},
	journal = {Handbook of personality development},
	author = {Little, Todd D and Bovaird, James A and Slegers, David W},
	year = {2006},
	pages = {181--211}
}

@incollection{van_de_schoot_tutorial_2020,
	title = {A tutorial on using the {WAMBS}-checklist to avoid the misuse {Bayesian} {Statistics}},
	booktitle = {Small sample size solutions: {A} guide for applied researchers and practitioners},
	publisher = {Routledge},
	author = {Van de Schoot, Rens and Veen, Duco and Smeets, Laurent and Winter, Sonja and Depaoli, Sarah},
	year = {2020}
}

@article{zapata-vazquez_eliciting_2014,
	title = {Eliciting expert judgements about a set of proportions},
	volume = {41},
	issn = {0266-4763},
	number = {9},
	journal = {Journal of Applied Statistics},
	author = {Zapata-Vázquez, Rita Esther and O'Hagan, Anthony and Soares Bastos, Leonardo},
	year = {2014},
	pages = {1919--1933}
}

@article{oakley_nonparametric_2010,
	title = {Nonparametric prior elicitation using the {Roulette} method},
	journal = {School of Mathematics and Statistics, University of Sheffeld, UK},
	author = {Oakley, J and Daneshkhah, Alireza and O’Hagan, Anthony},
	year = {2010}
}

@article{james_elicitator:_2010,
	title = {Elicitator: an expert elicitation tool for regression in ecology},
	volume = {25},
	issn = {1364-8152},
	number = {1},
	journal = {Environmental Modelling \& Software},
	author = {James, Allan and Choy, Samantha Low and Mengersen, Kerrie},
	year = {2010},
	pages = {129--145}
}

@incollection{low-choy_elicitator:_2012,
	title = {Elicitator: a user-friendly, interactive tool to support scenario-based elicitation of expert knowledge},
	booktitle = {Expert knowledge and its application in landscape ecology},
	publisher = {Springer},
	author = {Low-Choy, Samantha and James, Allan and Murray, Justine and Mengersen, Kerrie},
	year = {2012},
	pages = {39--67}
}

@article{bastin_managing_2013,
	title = {Managing uncertainty in integrated environmental modelling: {The} {UncertWeb} framework},
	volume = {39},
	issn = {1364-8152},
	journal = {Environmental Modelling \& Software},
	author = {Bastin, Lucy and Cornford, Dan and Jones, Richard and Heuvelink, Gerard BM and Pebesma, Edzer and Stasch, Christoph and Nativi, Stefano and Mazzetti, Paolo and Williams, Matthew},
	year = {2013},
	pages = {116--134}
}

@article{fisher_software_2012,
	title = {A software tool for elicitation of expert knowledge about species richness or similar counts},
	volume = {30},
	issn = {1364-8152},
	journal = {Environmental modelling \& software},
	author = {Fisher, Rebecca and O'Leary, Rebecca A and Low-Choy, Samantha and Mengersen, Kerrie and Caley, M Julian},
	year = {2012},
	pages = {1--14}
}

@book{dias_elicitation_2018,
	title = {Elicitation},
	isbn = {3-319-65052-1},
	publisher = {Springer},
	author = {Dias, Luis C and Morton, Alec and Quigley, John},
	year = {2018}
}

@article{truong_web-based_2013,
	title = {Web-based tool for expert elicitation of the variogram},
	volume = {51},
	issn = {0098-3004},
	journal = {Computers \& geosciences},
	author = {Truong, Phuong N and Heuvelink, Gerard BM and Gosling, John Paul},
	year = {2013},
	pages = {390--399}
}

@article{runge_interactive_2013,
	title = {An interactive tool for the elicitation of subjective probabilities in probabilistic seismic‐hazard analysis},
	volume = {103},
	issn = {1943-3573},
	number = {5},
	journal = {Bulletin of the Seismological Society of America},
	author = {Runge, Antonia K and Scherbaum, Frank and Curtis, Andrew and Riggelsen, Carsten},
	year = {2013},
	pages = {2862--2874}
}

@article{garthwaite_prior_2013,
	title = {Prior distribution elicitation for generalized linear and piecewise-linear models},
	volume = {40},
	issn = {0266-4763},
	number = {1},
	journal = {Journal of Applied Statistics},
	author = {Garthwaite, Paul H and Al-Awadhi, Shafeeqah A and Elfadaly, Fadlalla G and Jenkinson, David J},
	year = {2013},
	pages = {59--75}
}

@article{elfadaly_eliciting_2017,
	title = {Eliciting {Dirichlet} and {Gaussian} copula prior distributions for multinomial models},
	volume = {27},
	issn = {0960-3174},
	number = {2},
	journal = {Statistics and Computing},
	author = {Elfadaly, Fadlalla G and Garthwaite, Paul H},
	year = {2017},
	pages = {449--467}
}

@article{gosling_nonparametric_2007,
	title = {Nonparametric elicitation for heavy-tailed prior distributions},
	volume = {2},
	issn = {1936-0975},
	number = {4},
	journal = {Bayesian Analysis},
	author = {Gosling, John Paul and Oakley, Jeremy E and O'Hagan, Anthony},
	year = {2007},
	pages = {693--718}
}

@article{wilson_advancements_2013,
	title = {Advancements {In} the elicitation, aggregation, and forecasting of probability distributions under time constraints},
	author = {Wilson, Jonathan Louis},
	year = {2013}
}

@article{hampson_elicitation_2015,
	title = {Elicitation of expert prior opinion: application to the {MYPAN} trial in childhood polyarteritis nodosa},
	volume = {10},
	issn = {1932-6203},
	number = {3},
	journal = {PLoS One},
	author = {Hampson, Lisa V and Whitehead, John and Eleftheriou, Despina and Tudur-Smith, Catrin and Jones, Rachel and Jayne, David and Hickey, Helen and Beresford, Michael W and Bracaglia, Claudia and Caldas, Afonso},
	year = {2015},
	pages = {e0120981}
}

@article{hampson_bayesian_2014,
	title = {Bayesian methods for the design and interpretation of clinical trials in very rare diseases},
	volume = {33},
	issn = {0277-6715},
	number = {24},
	journal = {Statistics in medicine},
	author = {Hampson, Lisa V and Whitehead, John and Eleftheriou, Despina and Brogan, Paul},
	year = {2014},
	pages = {4186--4201}
}

@article{haakma_belief_2014,
	title = {Belief elicitation to populate health economic models of medical diagnostic devices in development},
	volume = {12},
	issn = {1175-5652},
	number = {3},
	journal = {Applied health economics and health policy},
	author = {Haakma, Wieke and Steuten, Lotte MG and Bojke, Laura and IJzerman, Maarten J},
	year = {2014},
	pages = {327--334}
}

@article{bojke_eliciting_2010,
	title = {Eliciting distributions to populate decision analytic models},
	volume = {13},
	issn = {1098-3015},
	number = {5},
	journal = {Value in Health},
	author = {Bojke, Laura and Claxton, Karl and Bravo-Vergel, Yolanda and Sculpher, Mark and Palmer, Stephen and Abrams, Keith},
	year = {2010},
	pages = {557--564}
}

@inproceedings{lek_development_2018,
	title = {Development and evaluation of a digital expert elicitation method aimed at fostering elementary school teachers' diagnostic competence},
	volume = {3},
	isbn = {2504-284X},
	publisher = {Frontiers},
	author = {Lek, Kimberley and Van de Schoot, Rens},
	year = {2018},
	pages = {82}
}

@article{ho_volcanic_1997,
	title = {Volcanic hazard assessment incorporating expert knowledge: application to the {Yucca} {Mountain} region, {Nevada}, {USA}},
	volume = {29},
	issn = {0882-8121},
	number = {5},
	journal = {Mathematical geology},
	author = {Ho, Chih-Hsiang and Smith, Eugene I},
	year = {1997},
	pages = {615--627}
}

@article{dodd_global_2017,
	title = {The global burden of tuberculosis mortality in children: a mathematical modelling study},
	volume = {5},
	issn = {2214-109X},
	number = {9},
	journal = {The Lancet Global Health},
	author = {Dodd, Peter J and Yuen, Courtney M and Sismanidis, Charalambos and Seddon, James A and Jenkins, Helen E},
	year = {2017},
	pages = {e898--e906}
}

@article{gronau_informed_2019,
	title = {Informed {Bayesian} t-tests},
	issn = {0003-1305},
	journal = {The American Statistician},
	author = {Gronau, Quentin F and Ly, Alexander and Wagenmakers, Eric-Jan},
	year = {2019},
	pages = {1--14}
}

@incollection{gosling_shelf:_2018,
	title = {{SHELF}: the {Sheffield} elicitation framework},
	booktitle = {Elicitation},
	publisher = {Springer},
	author = {Gosling, John Paul},
	year = {2018},
	pages = {61--93}
}

@article{van_de_schoot_bayesian_2018,
	title = {Bayesian {PTSD}-trajectory analysis with informed priors based on a systematic literature search and expert elicitation},
	volume = {53},
	issn = {0027-3171},
	number = {2},
	journal = {Multivariate behavioral research},
	author = {Van de Schoot, Rens and Sijbrandij, Marit and Depaoli, Sarah and Winter, Sonja D and Olff, Miranda and Van Loey, Nancy E},
	year = {2018},
	pages = {267--291}
}

@article{murphy_probability_1984,
	title = {Probability forecasting in meteorology},
	volume = {79},
	issn = {0162-1459},
	number = {387},
	journal = {Journal of the American Statistical Association},
	author = {Murphy, Allan H and Winkler, Robert L},
	year = {1984},
	pages = {489--500}
}

@article{murphy_subjective_1974,
	title = {Subjective probability forecasting experiments in meteorology: {Some} preliminary results},
	volume = {55},
	issn = {0003-0007},
	number = {10},
	journal = {Bulletin of the American Meteorological Society},
	author = {Murphy, Allan H and Winkler, Robert L},
	year = {1974},
	pages = {1206--1216}
}

@article{van_de_schoot_systematic_2017,
	title = {A systematic review of {Bayesian} articles in psychology: {The} last 25 years.},
	volume = {22},
	issn = {1433890747},
	number = {2},
	journal = {Psychological Methods},
	author = {Van de Schoot, Rens and Winter, Sonja D and Ryan, Oisín and Zondervan-Zwijnenburg, M and Depaoli, Sarah},
	year = {2017},
	pages = {217}
}

@article{gabry_visualization_2019,
	title = {Visualization in {Bayesian} workflow},
	volume = {182},
	issn = {0964-1998},
	number = {2},
	journal = {Journal of the Royal Statistical Society: Series A (Statistics in Society)},
	author = {Gabry, Jonah and Simpson, Daniel and Vehtari, Aki and Betancourt, Michael and Gelman, Andrew},
	year = {2019},
	pages = {389--402}
}

@incollection{veen_importance_2020,
	title = {The importance of collaboration in {Bayesian} analyses with small samples},
	booktitle = {Small sample size solutions: {A} guide for applied researchers and practitioners},
	publisher = {Routledge},
	author = {Veen, Duco and Egberts, Marthe},
	year = {2020}
}

@article{dewispelare_use_1995,
	title = {The use of probability elicitation in the high-level nuclear waste regulation program},
	volume = {11},
	issn = {0169-2070},
	number = {1},
	journal = {International Journal of Forecasting},
	author = {Dewispelare, Aaron R and Herren, L Tandy and Clemen, Robert T},
	year = {1995},
	pages = {5--24}
}

@article{catts_reading_2008,
	title = {Reading achievement growth in children with language impairments},
	journal = {Journal of Speech, Language, and Hearing Research},
	author = {Catts, Hugh W and Bridges, Mindy Sittner and Little, Todd D and Tomblin, J Bruce},
	year = {2008}
}

@article{orth_life-span_2012,
	title = {Life-span development of self-esteem and its effects on important life outcomes.},
	volume = {102},
	issn = {1939-1315},
	number = {6},
	journal = {Journal of personality and social psychology},
	author = {Orth, Ulrich and Robins, Richard W and Widaman, Keith F},
	year = {2012},
	pages = {1271}
}

@article{buist_developmental_2002,
	title = {Developmental patterns in adolescent attachment to mother, father and sibling},
	volume = {31},
	issn = {0047-2891},
	number = {3},
	journal = {Journal of youth and adolescence},
	author = {Buist, Kirsten L and Dekovic, Maja and Meeus, Wim and Van Aken, Marcel AG},
	year = {2002},
	pages = {167--176}
}

@article{hampson_elicitation_2015-1,
	title = {Elicitation of expert prior opinion: application to the {MYPAN} trial in childhood polyarteritis nodosa},
	volume = {10},
	issn = {1932-6203},
	number = {3},
	journal = {PLoS One},
	author = {Hampson, Lisa V and Whitehead, John and Eleftheriou, Despina and Tudur-Smith, Catrin and Jones, Rachel and Jayne, David and Hickey, Helen and Beresford, Michael W and Bracaglia, Claudia and Caldas, Afonso},
	year = {2015},
	pages = {e0120981}
}

@article{hampson_bayesian_2014-1,
	title = {Bayesian methods for the design and interpretation of clinical trials in very rare diseases},
	volume = {33},
	issn = {0277-6715},
	number = {24},
	journal = {Statistics in medicine},
	author = {Hampson, Lisa V and Whitehead, John and Eleftheriou, Despina and Brogan, Paul},
	year = {2014},
	pages = {4186--4201}
}

@article{egberts_mother_2018,
	title = {Mother, father and child traumatic stress reactions after paediatric burn: {Within}-family co-occurrence and parent-child discrepancies in appraisals of child stress},
	volume = {44},
	issn = {0305-4179},
	number = {4},
	journal = {Burns},
	author = {Egberts, Marthe R and Van de Schoot, Rens and Geenen, Rinie and Van Loey, Nancy EE},
	year = {2018},
	pages = {861--869}
}

@article{alisic_childrens_2006,
	title = {Children's {Responses} to {Trauma} {Inventory}-{Revised} {Version} [{Schokverwerkingslijst} {Voor} {Kinderen}-{Herziene} {Versie}]},
	journal = {Zaltbommel/Utrecht, the Netherlands: Institute for Psychotrauma in collaboration with Utrecht University and University Medical Center Utrecht},
	author = {Alisic, E and Eland, J and Kleber, RJ},
	year = {2006}
}

@article{alisic_manual_2011,
	title = {Manual of the children's responses to trauma inventory - revised edition.[{Handleiding} bij de schokverwerkingslijst voor kinderen-herziene versie]},
	journal = {Diemen/Utrecht, the Netherlands: Institute for Psychotrauma in collaboration with Utrecht University and University Medical Center Utrecht},
	author = {Alisic, E and Eland, J and Huijbregts, RAD and Kleber, RJ},
	year = {2011}
}

@misc{burkner_parameterization_2019,
	title = {Parameterization of {Response} {Distributions} in brms},
	url = {https://cran.r-project.org/web/packages/brms/vignettes/brms_families.html},
	urldate = {2019-10-02},
	author = {Burkner, Paul-Christian},
	year = {2019},
	file = {Parameterization of Response Distributions in brms:C\:\\Users\\5507553\\Zotero\\storage\\ID7J7HT2\\brms_families.html:text/html}
}

@article{lek_how_2019,
	title = {How the {Choice} of {Distance} {Measure} {Influences} the {Detection} of {Prior}-{Data} {Conflict}},
	volume = {21},
	number = {5},
	journal = {Entropy},
	author = {Lek, Kimberley and Van De Schoot, Rens},
	year = {2019},
	pages = {446}
}

@article{colson_expert_2018,
	title = {Expert elicitation: using the classical model to validate experts` judgments},
	volume = {12},
	issn = {1750-6816},
	number = {1},
	journal = {Review of Environmental Economics and Policy},
	author = {Colson, Abigail R and Cooke, R M},
	year = {2018},
	pages = {113--132}
}

@book{cooke_experts_1991,
	title = {Experts in uncertainty: opinion and subjective probability in science},
	isbn = {0-19-506465-8},
	publisher = {Oxford University Press on Demand},
	author = {Cooke, R M},
	year = {1991}
}

@article{morgan_use_2014,
	title = {Use (and abuse) of expert elicitation in support of decision making for public policy},
	volume = {111},
	issn = {0027-8424},
	number = {20},
	journal = {Proceedings of the National academy of Sciences},
	author = {Morgan, M Granger},
	year = {2014},
	pages = {7176--7184}
}

@article{tversky_availability:_1973,
	title = {Availability: {A} heuristic for judging frequency and probability},
	volume = {5},
	issn = {0010-0285},
	number = {2},
	journal = {Cognitive psychology},
	author = {Tversky, Amos and Kahneman, Daniel},
	year = {1973},
	pages = {207--232}
}

@book{groves_survey_2011,
	title = {Survey methodology},
	volume = {561},
	isbn = {1-118-21134-0},
	publisher = {John Wiley \& Sons},
	author = {Groves, Robert M and Fowler Jr, Floyd J and Couper, Mick P and Lepkowski, James M and Singer, Eleanor and Tourangeau, Roger},
	year = {2011}
}

@article{ho_not_2019,
	title = {Not all carbon dioxide emission scenarios are equally likely: a subjective expert assessment},
	volume = {155},
	issn = {0165-0009},
	number = {4},
	journal = {Climatic Change},
	author = {Ho, Emily and Budescu, David V and Bosetti, Valentina and van Vuuren, Detlef P and Keller, Klaus},
	year = {2019},
	pages = {545--561}
}