@Manual{R-base,
  title = {R: A Language and Environment for Statistical Computing},
  author = {{R Core Team}},
  organization = {R Foundation for Statistical Computing},
  address = {Vienna, Austria},
  year = {2019},
  url = {https://www.R-project.org/},
}
@Manual{R-bayesplot,
  title = {bayesplot: Plotting for Bayesian Models},
  author = {Jonah Gabry and Tristan Mahr},
  year = {2019},
  note = {R package version 1.7.1},
  url = {https://mc-stan.org/bayesplot},
}
@Manual{R-bookdown,
  title = {bookdown: Authoring Books and Technical Documents with R Markdown},
  author = {Yihui Xie},
  year = {2019},
  note = {R package version 0.14},
  url = {https://CRAN.R-project.org/package=bookdown},
}
@Manual{R-dplyr,
  title = {dplyr: A Grammar of Data Manipulation},
  author = {Hadley Wickham and Romain François and Lionel Henry and Kirill Müller},
  year = {2019},
  note = {R package version 0.8.3},
  url = {https://CRAN.R-project.org/package=dplyr},
}
@Manual{R-fGarch,
  title = {fGarch: Rmetrics - Autoregressive Conditional Heteroskedastic Modelling},
  author = {Diethelm Wuertz and Tobias Setz and Yohan Chalabi and Chris Boudt and Pierre Chausse and Michal Miklovac},
  year = {2019},
  note = {R package version 3042.83.1},
  url = {https://CRAN.R-project.org/package=fGarch},
}
@Manual{R-ggplot2,
  title = {ggplot2: Create Elegant Data Visualisations Using the Grammar of Graphics},
  author = {Hadley Wickham and Winston Chang and Lionel Henry and Thomas Lin Pedersen and Kohske Takahashi and Claus Wilke and Kara Woo and Hiroaki Yutani},
  year = {2019},
  note = {R package version 3.2.1},
  url = {https://CRAN.R-project.org/package=ggplot2},
}
@Manual{R-gridExtra,
  title = {gridExtra: Miscellaneous Functions for "Grid" Graphics},
  author = {Baptiste Auguie},
  year = {2017},
  note = {R package version 2.3},
  url = {https://CRAN.R-project.org/package=gridExtra},
}
@Manual{R-knitr,
  title = {knitr: A General-Purpose Package for Dynamic Report Generation in R},
  author = {Yihui Xie},
  year = {2019},
  note = {R package version 1.25},
  url = {https://CRAN.R-project.org/package=knitr},
}
@Manual{R-lavaan,
  title = {lavaan: Latent Variable Analysis},
  author = {Yves Rosseel and Terrence D. Jorgensen},
  year = {2019},
  note = {R package version 0.6-5},
  url = {https://CRAN.R-project.org/package=lavaan},
}
@Manual{R-mice,
  title = {mice: Multivariate Imputation by Chained Equations},
  author = {Stef {van Buuren} and Karin Groothuis-Oudshoorn},
  year = {2019},
  note = {R package version 3.6.0},
  url = {https://CRAN.R-project.org/package=mice},
}
@Manual{R-rjags,
  title = {rjags: Bayesian Graphical Models using MCMC},
  author = {Martyn Plummer},
  year = {2019},
  note = {R package version 4-9},
  url = {https://CRAN.R-project.org/package=rjags},
}
@Manual{R-rmarkdown,
  title = {rmarkdown: Dynamic Documents for R},
  author = {JJ Allaire and Yihui Xie and Jonathan McPherson and Javier Luraschi and Kevin Ushey and Aron Atkins and Hadley Wickham and Joe Cheng and Winston Chang and Richard Iannone},
  year = {2019},
  note = {R package version 1.16},
  url = {https://CRAN.R-project.org/package=rmarkdown},
}
@Manual{R-rstan,
  title = {rstan: R Interface to Stan},
  author = {Jiqiang Guo and Jonah Gabry and Ben Goodrich},
  year = {2019},
  note = {R package version 2.19.2},
  url = {https://CRAN.R-project.org/package=rstan},
}
@Manual{R-semPlot,
  title = {semPlot: Path Diagrams and Visual Analysis of Various SEM Packages'
Output},
  author = {Sacha Epskamp},
  year = {2019},
  note = {R package version 1.1.2},
  url = {https://CRAN.R-project.org/package=semPlot},
}
@Manual{R-semTools,
  title = {semTools: Useful Tools for Structural Equation Modeling},
  author = {Terrence D. Jorgensen and Sunthud Pornprasertmanit and Alexander M. Schoemann and Yves Rosseel},
  year = {2019},
  note = {R package version 0.5-2},
  url = {https://CRAN.R-project.org/package=semTools},
}
@Manual{R-SHELF,
  title = {SHELF: Tools to Support the Sheffield Elicitation Framework},
  author = {Jeremy Oakley},
  year = {2019},
  note = {R package version 1.6.0},
  url = {https://CRAN.R-project.org/package=SHELF},
}
@Manual{R-shiny,
  title = {shiny: Web Application Framework for R},
  author = {Winston Chang and Joe Cheng and JJ Allaire and Yihui Xie and Jonathan McPherson},
  year = {2019},
  note = {R package version 1.4.0},
  url = {https://CRAN.R-project.org/package=shiny},
}
