
@article{bousquet_diagnostics_2008,
	title = {Diagnostics of prior-data agreement in applied {Bayesian} analysis},
	volume = {35},
	number = {9},
	journal = {Journal of Applied Statistics},
	author = {Bousquet, Nicolas},
	year = {2008},
	pages = {1011--1029}
}

@article{box_sampling_1980,
	title = {Sampling and {Bayes}' inference in scientific modelling and robustness},
	journal = {Journal of the Royal Statistical Society. Series A (General)},
	author = {Box, George EP},
	year = {1980},
	pages = {383--430}
}

@book{burnham_model_2002,
	title = {Model selection and multimodel inference: a practical information-theoretic approach},
	shorttitle = {Model selection and multimodel inference},
	publisher = {Springer Science \& Business Media},
	author = {Burnham, Kenneth P. and Anderson, David R.},
	year = {2002}
}

@article{fernandez_bayesian_1998,
	title = {On {Bayesian} modeling of fat tails and skewness},
	volume = {93},
	number = {441},
	journal = {Journal of the American Statistical Association},
	author = {Fernández, Carmen and Steel, Mark F J},
	year = {1998},
	pages = {359--371}
}

@article{fu_bayesian_2015,
	title = {Bayesian inference for inverse problems occurring in uncertainty analysis},
	volume = {5},
	number = {1},
	journal = {International Journal for Uncertainty Quantification},
	author = {Fu, Shuai and Celeux, Gilles and Bousquet, Nicolas and Couplet, Mathieu},
	year = {2015}
}

@article{fu_adaptive_2017,
	title = {An adaptive kriging method for solving nonlinear inverse statistical problems},
	volume = {28},
	number = {4},
	journal = {Environmetrics},
	author = {Fu, Shuai and Couplet, Mathieu and Bousquet, Nicolas},
	year = {2017}
}

@book{gelman_bayesian_2013,
	title = {Bayesian data analysis},
	isbn = {1-4398-4095-4},
	publisher = {CRC press},
	author = {Gelman, Andrew and Carlin, John B. and Stern, Hal S. and Dunson, David B. and Vehtari, Aki and Rubin, Donald B.},
	year = {2013}
}

@article{jeffreys_invariant_1946,
	title = {An invariant form for the prior probability in estimation problems},
	journal = {Proceedings of the Royal Society of London. Series A, Mathematical and Physical Sciences},
	author = {Jeffreys, Harold},
	year = {1946},
	pages = {453--461}
}

@article{kullback_information_1951,
	title = {On information and sufficiency},
	volume = {22},
	number = {1},
	journal = {The annals of mathematical statistics},
	author = {Kullback, Solomon and Leibler, Richard A.},
	year = {1951},
	pages = {79--86}
}

@book{lynch_introduction_2007,
	title = {Introduction to applied {Bayesian} statistics and estimation for social scientists},
	isbn = {0-387-71265-8},
	publisher = {Springer Science \& Business Media},
	author = {Lynch, Scott M.},
	year = {2007}
}

@book{ohagan_uncertain_2006,
	title = {Uncertain judgements: eliciting experts' probabilities},
	isbn = {0-470-03330-4},
	publisher = {John Wiley \& Sons},
	author = {O'Hagan, Anthony and Buck, Caitlin E. and Daneshkhah, Alireza and Eiser, J. Richard and Garthwaite, Paul H. and Jenkinson, David J. and Oakley, Jeremy E. and Rakow, Tim},
	year = {2006}
}

@article{veen_proposal_2017,
	title = {Proposal for a {Five}-{Step} {Method} to {Elicit} {Expert} {Judgement}},
	volume = {8},
	journal = {Frontiers in psychology},
	author = {Veen, Duco and Stoel, Diederick and Zondervan-Zwijnenburg, Mariëlle and Van de Schoot, Rens},
	year = {2017},
	pages = {2110}
}

@article{walley_advantages_2015,
	title = {Advantages of a wholly {Bayesian} approach to assessing efficacy in early drug development: a case study},
	volume = {14},
	number = {3},
	journal = {Pharmaceutical statistics},
	author = {Walley, Rosalind J. and Smith, Claire L. and Gale, Jeremy D. and Woodward, Phil},
	year = {2015},
	pages = {205--215}
}

@article{zondervan-zwijnenburg_application_2017,
	title = {Application and evaluation of an expert judgment elicitation procedure for correlations},
	volume = {8},
	journal = {Frontiers in psychology},
	author = {Zondervan-Zwijnenburg, Mariëlle and Van de Schoot-Hubeek, Wenneke and Lek, Kimberley and Hoijtink, Herbert and Van de Schoot, Rens},
	year = {2017},
	pages = {90}
}

@article{zyphur_bayesian_2015,
	title = {Bayesian probability and statistics in management research [special issue]},
	volume = {41},
	number = {2},
	journal = {Journal of Management},
	author = {Zyphur, Michael J. and Oswald, Frederick L. and Rupp, D. E.},
	year = {2015}
}

@article{gelman_inference_1992,
	title = {Inference from iterative simulation using multiple sequences},
	journal = {Statistical science},
	author = {Gelman, Andrew and Rubin, Donald B.},
	year = {1992},
	pages = {457--472}
}

@article{kass_selection_1996,
	title = {The selection of prior distributions by formal rules},
	volume = {91},
	issn = {0162-1459},
	number = {435},
	journal = {Journal of the American Statistical Association},
	author = {Kass, Robert E and Wasserman, Larry},
	year = {1996},
	pages = {1343--1370}
}

@article{gelman_why_2012,
	title = {Why we (usually) don't have to worry about multiple comparisons},
	volume = {5},
	issn = {1934-5747},
	number = {2},
	journal = {Journal of Research on Educational Effectiveness},
	author = {Gelman, Andrew and Hill, Jennifer and Yajima, Masanao},
	year = {2012},
	pages = {189--211}
}

@article{gelman_type_2000,
	title = {Type {S} error rates for classical and {Bayesian} single and multiple comparison procedures},
	volume = {15},
	issn = {0943-4062},
	number = {3},
	journal = {Computational Statistics},
	author = {Gelman, Andrew and Tuerlinckx, Francis},
	year = {2000},
	pages = {373--390}
}

@article{gelman_garden_2013,
	title = {The garden of forking paths: {Why} multiple comparisons can be a problem, even when there is no “fishing expedition” or “p-hacking” and the research hypothesis was posited ahead of time},
	journal = {Department of Statistics, Columbia University},
	author = {Gelman, Andrew and Loken, Eric},
	year = {2013}
}

@article{de_klerk_step_2018,
	title = {A {Step} {Forward}: {Bayesian} {Hierarchical} {Modelling} as a {Tool} in {Assessment} of {Individual} {Discrimination} {Performance}},
	journal = {Manuscript under review},
	author = {de Klerk, M. and Veen, D. and Wijnen, F. and de Bree, E.},
	year = {2018}
}

@article{anderson_structural_1988,
	title = {Structural equation modeling in practice: {A} review and recommended two-step approach.},
	volume = {103},
	issn = {1939-1455},
	number = {3},
	journal = {Psychological bulletin},
	author = {Anderson, James C and Gerbing, David W},
	year = {1988},
	pages = {411}
}

@article{little_non-arbitrary_2006,
	title = {A non-arbitrary method of identifying and scaling latent variables in {SEM} and {MACS} models},
	volume = {13},
	issn = {1070-5511},
	number = {1},
	journal = {Structural Equation Modeling},
	author = {Little, Todd D. and Slegers, David W. and Card, Noel A.},
	year = {2006},
	pages = {59--72}
}

@article{rosseel_lavaan:_2012,
	title = {lavaan: {An} {R} {Package} for {Structural} {Equation} {Modeling}},
	volume = {48},
	url = {http://www.jstatsoft.org/v48/i02/},
	number = {2},
	journal = {Journal of Statistical Software},
	author = {Rosseel, Yves},
	year = {2012},
	pages = {1--36}
}

@article{devlieger_factor_2017,
	title = {Factor {Score} {Path} {Analysis}},
	volume = {13},
	number = {Supplement},
	journal = {Methodology},
	author = {Devlieger, Ines and Rosseel, Yves},
	year = {2017},
	pages = {31--38}
}

@incollection{croon_using_2002,
	address = {Mahwah, NJ},
	title = {Using {Predicted} {Latent} {Scores} in {General} {Latent} {Structure} {Models}},
	booktitle = {Latent variable and latent structure models},
	publisher = {Lawrence Erlbaum},
	author = {Croon, Marcel},
	editor = {Marcoulides, G. and Moustaki, I.},
	year = {2002},
	pages = {195--223}
}

@book{r_core_team_foreign:_2017,
	title = {foreign: {Read} {Data} {Stored} by '{Minitab}', '{S}', '{SAS}', '{SPSS}', '{Stata}', '{Systat}', '{Weka}', '{dBase}', ...},
	url = {https://CRAN.R-project.org/package=foreign},
	author = {{R Core Team}},
	year = {2017},
	annote = {R package version 0.8-70}
}

@book{wickham_devtools:_2018,
	title = {devtools: {Tools} to {Make} {Developing} {R} {Packages} {Easier}},
	url = {https://CRAN.R-project.org/package=devtools},
	author = {Wickham, Hadley and Hester, Jim and Chang, Winston},
	year = {2018},
	annote = {R package version 1.13.5}
}

@book{rinker_pacman:_2017,
	address = {Buffalo, New York},
	title = {pacman: {Package} {Management} for {R}},
	url = {http://github.com/trinker/pacman},
	publisher = {University at Buffalo/SUNY},
	author = {Rinker, Tyler W. and Kurkiewicz, Dason},
	year = {2017},
	annote = {version 0.4.6}
}

@book{hartgerink_osfr:_nodate,
	title = {osfr: {API} to the {Open} {Science} {Framework}},
	url = {https://github.com/CenterForOpenScience/osfr},
	author = {Hartgerink, C and Nagraj, V. P. and Hafen, Ryan},
	annote = {R package version 0.1.0}
}

@book{yang_catalog_1996,
	title = {A catalog of noninformative priors},
	publisher = {Institute of Statistics and Decision Sciences, Duke University},
	author = {Yang, Ruoyong and Berger, James O},
	year = {1996}
}

@book{bernardo_bayesian_1994,
	address = {New York, NY},
	title = {Bayesian theory},
	publisher = {John Wiley \& Sons, LTD},
	author = {Bernardo, Jose M and Smith, Adrian FM},
	year = {1994}
}

@article{jaynes_rationale_1982,
	title = {On the rationale of maximum-entropy methods},
	volume = {70},
	issn = {0018-9219},
	number = {9},
	journal = {Proceedings of the IEEE},
	author = {Jaynes, Edwin T},
	year = {1982},
	pages = {939--952}
}

@article{irony_noninformative_1997,
	title = {Noninformative priors do not exist: {A} discussion with jose m. bernardo},
	volume = {65},
	number = {1},
	journal = {Journal of Statistical Inference and Planning},
	author = {Irony, T and Singpurwalla, N},
	year = {1997},
	pages = {159--189}
}

@article{kass_bayes_1995,
	title = {Bayes factors},
	volume = {90},
	issn = {0162-1459},
	number = {430},
	journal = {Journal of the american statistical association},
	author = {Kass, Robert E and Raftery, Adrian E},
	year = {1995},
	pages = {773--795}
}

@incollection{quigley_elicitation_2018,
	title = {Elicitation in the classical model},
	booktitle = {Elicitation},
	publisher = {Springer},
	author = {Quigley, John and Colson, Abigail and Aspinall, Willy and Cooke, Roger M},
	editor = {Dias, Luis C. and Morton, Alec and Quigley, John},
	year = {2018},
	pages = {15--36}
}

@book{cooke_experts_1991,
	title = {Experts in uncertainty: opinion and subjective probability in science},
	isbn = {0-19-506465-8},
	publisher = {Oxford University Press on Demand},
	author = {Cooke, Roger M},
	year = {1991}
}

@article{cohen_coefficient_1960,
	title = {A coefficient of agreement for nominal scales},
	volume = {20},
	issn = {0013-1644},
	number = {1},
	journal = {Educational and psychological measurement},
	author = {Cohen, Jacob},
	year = {1960},
	pages = {37--46}
}

@article{koch_intraclass_2004,
	title = {Intraclass correlation coefficient},
	volume = {6},
	journal = {Encyclopedia of statistical sciences},
	author = {Koch, Gary G},
	year = {2004}
}

@article{shrout_intraclass_1979,
	title = {Intraclass correlations: uses in assessing rater reliability.},
	volume = {86},
	issn = {1939-1455},
	number = {2},
	journal = {Psychological bulletin},
	author = {Shrout, Patrick E and Fleiss, Joseph L},
	year = {1979},
	pages = {420}
}

@article{brier_verification_1950,
	title = {Verification of forecasts expressed in terms of probability},
	volume = {78},
	number = {1},
	journal = {Monthey Weather Review},
	author = {Brier, Glenn W},
	year = {1950},
	pages = {1--3}
}

@article{bolsinova_using_2017,
	title = {Using expert knowledge for test linking},
	volume = {22},
	number = {4},
	journal = {Psychological methods},
	author = {Bolsinova, Maria and Hoijtink, Herbert and Vermeulen, Jorine Adinda and Beguin, Anton},
	year = {2017},
	pages = {705}
}

@article{liu_bayes_2008,
	title = {Bayes factors: {Prior} sensitivity and model generalizability},
	volume = {52},
	issn = {0022-2496},
	number = {6},
	journal = {Journal of Mathematical Psychology},
	author = {Liu, Charles C and Aitkin, Murray},
	year = {2008},
	pages = {362--375}
}

@article{wasserman_bayesian_2000,
	title = {Bayesian model selection and model averaging},
	volume = {44},
	issn = {0022-2496},
	number = {1},
	journal = {Journal of mathematical psychology},
	author = {Wasserman, Larry},
	year = {2000},
	pages = {92--107}
}

@article{myung_applying_1997,
	title = {Applying {Occam}’s razor in modeling cognition: {A} {Bayesian} approach},
	volume = {4},
	issn = {1069-9384},
	number = {1},
	journal = {Psychonomic Bulletin \& Review},
	author = {Myung, In Jae and Pitt, Mark A},
	year = {1997},
	pages = {79--95}
}

@article{roulston_evaluating_2002,
	title = {Evaluating probabilistic forecasts using information theory},
	volume = {130},
	issn = {1520-0493},
	number = {6},
	journal = {Monthly Weather Review},
	author = {Roulston, Mark S and Smith, Leonard A},
	year = {2002},
	pages = {1653--1660}
}

@article{weijs_kullbackleibler_2010,
	title = {Kullback–{Leibler} divergence as a forecast skill score with classic reliability–resolution–uncertainty decomposition},
	volume = {138},
	issn = {1520-0493},
	number = {9},
	journal = {Monthly Weather Review},
	author = {Weijs, Steven V and Van Nooijen, Ronald and Van De Giesen, Nick},
	year = {2010},
	pages = {3387--3399}
}

@article{morey_philosophy_2016,
	title = {The philosophy of {Bayes} factors and the quantification of statistical evidence},
	volume = {72},
	issn = {0022-2496},
	journal = {Journal of Mathematical Psychology},
	author = {Morey, Richard D and Romeijn, Jan-Willem and Rouder, Jeffrey N},
	year = {2016},
	pages = {6--18}
}

@article{raftery_approximate_1996,
	title = {Approximate {Bayes} factors and accounting for model uncertainty in generalised linear models},
	volume = {83},
	issn = {1464-3510},
	number = {2},
	journal = {Biometrika},
	author = {Raftery, Adrian E},
	year = {1996},
	pages = {251--266}
}

@incollection{van_de_schoot_dealing_2018,
	title = {Dealing with imperfect elicitation results},
	booktitle = {Expert judgement in risk and decision analysis},
	author = {Van de Schoot, Rens and Griffioen, Elian and Winter, Sonja},
	editor = {Bedford, T and French, Simon and Hanea, A.M. and Nane, G.F.},
	year = {2018},
	note = {To be published in Springer’s International Series in Operations Research and Management Science},
	annote = {To be published in Springer’s International Series in Operations Research and Management Science}
}

@book{barber_bayesian_2012,
	title = {Bayesian reasoning and machine learning},
	isbn = {0-521-51814-8},
	publisher = {Cambridge University Press},
	author = {Barber, David},
	year = {2012}
}

@book{gronau_bridgesampling:_2017,
	title = {bridgesampling: {Bridge} {Sampling} for {Marginal} {Likelihoods} and {Bayes} {Factors}},
	url = {https://CRAN.R-project.org/package=bridgesampling},
	author = {Gronau, Quentin F. and Singmann, Henrik},
	year = {2017},
	annote = {R package version 0.4-0}
}

@article{gelman_prior_2017,
	title = {The prior can often only be understood in the context of the likelihood},
	volume = {19},
	number = {10},
	journal = {Entropy},
	author = {Gelman, Andrew and Simpson, Daniel and Betancourt, Michael},
	year = {2017},
	pages = {555}
}

@article{egberts_update_2018,
	title = {Update this title},
	author = {Egberts, Marthe and Veen, Duco and Van de Schoot, Rens and Van Loey, Nancy},
	year = {2018}
}

@article{buuren_mice:_2011,
	title = {mice: {Multivariate} {Imputation} by {Chained} {Equations} in {R}},
	volume = {45},
	url = {http://www.jstatsoft.org/v45/i03/},
	number = {3},
	journal = {Journal of Statistical Software},
	author = {Buuren, Stef van and Groothuis-Oudshoorn, Karin},
	year = {2011},
	pages = {1--67}
}

@book{stan_development_team_rstan:_2018,
	title = {{RStan}: the {R} interface to {Stan}},
	url = {http://mc-stan.org/},
	author = {{Stan Development Team}},
	year = {2018},
	annote = {R package version 2.17.3},
	annote = {R package version 2.17.3}
}

@article{betancourt_hamiltonian_2015,
	title = {Hamiltonian {Monte} {Carlo} for hierarchical models},
	volume = {79},
	journal = {Current trends in Bayesian methodology with applications},
	author = {Betancourt, Michael and Girolami, Mark},
	year = {2015},
	pages = {30}
}

@article{nowok_synthpop:_2016,
	title = {synthpop: {Bespoke} {Creation} of {Synthetic} {Data} in {R}},
	volume = {74},
	doi = {10.18637/jss.v074.i11},
	number = {11},
	journal = {Journal of Statistical Software},
	author = {Nowok, Beata and Raab, Gillian M. and Dibben, Chris},
	year = {2016},
	pages = {1--26}
}

@article{brom_schok_1985,
	title = {De {Schok} {Verwerkings} {Lijst} [{The} {Impact} {Event} {Scale}]},
	volume = {40},
	journal = {Nederlands Tijdschrift voor de Psychologie},
	author = {Brom, D. and Kleber, R. J.},
	year = {1985},
	pages = {164--168}
}

@article{van_baar_reliability_2006,
	title = {Reliability and validity of the {Health} {Outcomes} {Burn} {Questionnaire} for infants and children in {The} {Netherlands}},
	volume = {32},
	issn = {0305-4179},
	number = {3},
	journal = {Burns},
	author = {Van Baar, ME and Essink-Bot, Marie-Louise and Oen, IMMH and Dokter, Jan and Boxma, Han and Hinson, MI and Van Loey, NEE and Faber, AW and van Beeck, Eduard F},
	year = {2006},
	pages = {357--365}
}

@article{kazis_development_2002,
	title = {The development, validation, and testing of a health outcomes burn questionnaire for infants and children 5 years of age and younger: {American} {Burn} {Association}/{Shriners} {Hospitals} for {Children}},
	volume = {23},
	issn = {0273-8481},
	number = {3},
	journal = {The Journal of burn care \& rehabilitation},
	author = {Kazis, Lewis E and Liang, Matthew H and Lee, Austin and Ren, Xinhua S and Phillips, Charlotte B and Hinson, Michelle and Calvert, Catherine and Cullen, Marc and Beth Daugherty, Mary and Goodwin, Cleon W},
	year = {2002},
	pages = {196--207}
}

@article{horowitz_impact_1979,
	title = {Impact of {Event} {Scale}: {A} measure of subjective stress},
	volume = {41},
	issn = {0033-3174},
	number = {3},
	journal = {Psychosomatic medicine},
	author = {Horowitz, Mardi and Wilner, Nancy and Alvarez, William},
	year = {1979},
	pages = {209--218}
}

@article{sundin_impact_2002,
	title = {Impact of {Event} {Scale}: psychometric properties},
	volume = {180},
	issn = {0007-1250},
	number = {3},
	journal = {The British Journal of Psychiatry},
	author = {Sundin, Eva C and Horowitz, Mardi J},
	year = {2002},
	pages = {205--209}
}

@article{bonanno_loss_2004,
	title = {Loss, trauma, and human resilience: {Have} we underestimated the human capacity to thrive after extremely aversive events?},
	volume = {59},
	issn = {1935-990X},
	number = {1},
	journal = {American psychologist},
	author = {Bonanno, George A},
	year = {2004},
	pages = {20}
}

@book{jorgensen_semtools:_2018,
	title = {{semTools}: {Useful} tools for structural equation modeling},
	url = {https://CRAN.R-project.org/package=semTools},
	author = {Jorgensen, T. D. and {S.} and M, A. and {Rosseel} and {Y.}},
	year = {2018},
	annote = {R package version 0.5-0}
}

@book{jasp_team_jasp_2018,
	title = {{JASP} ({Version} 0.9)[{Computer} software]},
	url = {https://jasp-stats.org/},
	author = {{JASP Team}},
	year = {2018}
}

@book{muthen_mplus_2017,
	address = {Los Angeles, CA},
	edition = {Eighth Edition},
	title = {Mplus {User}’s {Guide}},
	publisher = {Muthén \& Muthén},
	author = {Muthén, L. K. and Muthén, B. O.},
	year = {2017}
}

@misc{noauthor_jasp-desktop:_2018,
	title = {jasp-desktop: cfa},
	shorttitle = {jasp-desktop cfa},
	url = {https://github.com/vankesteren/jasp-desktop/blob/3442994556765abc5e3b528f4604e1dede46d8b4/JASP-Engine/JASP/R/cfa.R#L415},
	urldate = {2018-08-17},
	month = aug,
	year = {2018},
	note = {original-date: 2017-10-03T09:28:04Z}
}

@misc{savage_modern_2017,
	title = {Modern {Statistical} {Workflow}: {An} easy way to simulate fake data from your {Stan} model},
	shorttitle = {Modern {Statistical} {Workflow}},
	url = {http://modernstatisticalworkflow.blogspot.com/2017/04/an-easy-way-to-simulate-fake-data-from.html},
	urldate = {2018-09-03},
	journal = {Modern Statistical Workflow},
	author = {Savage, Jim},
	month = apr,
	year = {2017}
}

@article{veen_effects_2018,
	title = {Effects {Coding} as {Unbiased} {Alternative} to {Scale} {Scores}},
	journal = {Manuscript under review},
	author = {Veen, Duco and Little, Todd D. and Van de Schoot, Rens},
	year = {2018}
}

@article{papaspiliopoulos_general_2007,
	title = {A general framework for the parametrization of hierarchical models},
	issn = {0883-4237},
	journal = {Statistical Science},
	author = {Papaspiliopoulos, Omiros and Roberts, Gareth O and Sköld, Martin},
	year = {2007},
	pages = {59--73}
}

@article{veen_using_2018,
	title = {Using the {Data} {Agreement} {Criterion} to {Rank} {Experts}’ {Beliefs}},
	volume = {20},
	number = {8},
	journal = {Entropy},
	author = {Veen, Duco and Stoel, Diederick and Schalken, Naomi and Mulder, Kees and Van de Schoot, Rens},
	year = {2018},
	pages = {592}
}

@book{r_core_team_r:_2017,
	address = {Vienna, Austria},
	title = {R: {A} {Language} and {Environment} for {Statistical} {Computing}},
	url = {https://www.R-project.org/},
	publisher = {R Foundation for Statistical Computing},
	author = {{R Core Team}},
	year = {2017}
}

@book{dirac_principles_1947,
	address = {Oxford},
	title = {The principles of quantum mechanics},
	isbn = {0-19-852011-5},
	publisher = {CLARENDON PRESS},
	author = {Dirac, Paul Adrien Maurice},
	year = {1947}
}

@incollection{deza_encyclopedia_2009,
	title = {Encyclopedia of distances},
	booktitle = {Encyclopedia of {Distances}},
	publisher = {Springer},
	author = {Deza, Michel Marie and Deza, Elena},
	year = {2009},
	pages = {1--583}
}

@book{jaynes_probability_2003,
	title = {Probability theory: {The} logic of science},
	isbn = {1-139-43516-7},
	publisher = {Cambridge university press},
	author = {Jaynes, Edwin T},
	year = {2003}
}

@book{mccullagh_generalized_1989,
	title = {Generalized linear models},
	volume = {37},
	isbn = {0-412-31760-5},
	publisher = {CRC press},
	author = {McCullagh, Peter and Nelder, John A},
	year = {1989}
}

@article{betancourt_conceptual_2017,
	title = {A conceptual introduction to {Hamiltonian} {Monte} {Carlo}},
	journal = {arXiv preprint arXiv:1701.02434},
	author = {Betancourt, Michael},
	year = {2017}
}

@article{carpenter_stan:_2017,
	title = {Stan: {A} probabilistic programming language},
	volume = {76},
	issn = {1548-7660},
	number = {1},
	journal = {Journal of statistical software},
	author = {Carpenter, Bob and Gelman, Andrew and Hoffman, Matthew D and Lee, Daniel and Goodrich, Ben and Betancourt, Michael and Brubaker, Marcus and Guo, Jiqiang and Li, Peter and Riddell, Allen},
	year = {2017}
}

@article{stan_development_team_stan_2016,
	title = {Stan modeling language: {User}’s guide and reference manual},
	author = {{Stan Development Team}},
	year = {2016}
}

@article{betancourt_diagnosing_2016,
	title = {Diagnosing {Suboptimal} {Cotangent} {Disintegrations} in {Hamiltonian} {Monte} {Carlo}},
	journal = {arXiv preprint arXiv:1604.00695},
	author = {Betancourt, Michael},
	year = {2016}
}

@misc{mcelreath_markov_2017,
	title = {Markov {Chains}: {Why} {Walk} {When} {You} {Can} {Flow}?},
	shorttitle = {Markov {Chains}},
	url = {http://elevanth.org/blog/2017/11/28/build-a-better-markov-chain/},
	abstract = {Abstract: If you are still using a Gibbs sampler, you are working too hard for too little result. Newer, better algorithms trade random walks for frictionless flow. In 1989, Depeche Mode was popula…},
	language = {en-US},
	urldate = {2018-11-14},
	journal = {Elements of Evolutionary Anthropology},
	author = {McElreath, Richard},
	month = nov,
	year = {2017}
}

@misc{feng_markov-chain_2016,
	title = {The {Markov}-chain {Monte} {Carlo} {Interactive} {Gallery}},
	url = {https://chi-feng.github.io/mcmc-demo/},
	urldate = {2018-11-14},
	author = {Feng, Chi},
	year = {2016}
}

@article{betancourt_hamiltonian_2015-1,
	title = {Hamiltonian {Monte} {Carlo} for hierarchical models},
	volume = {79},
	journal = {Current trends in Bayesian methodology with applications},
	author = {Betancourt, Michael and Girolami, Mark},
	year = {2015},
	pages = {30}
}

@book{xie_r_2018,
	title = {R {Markdown}: {The} {Definitive} {Guide}},
	isbn = {0-429-78296-9},
	publisher = {CRC Press},
	author = {Xie, Yihui and Allaire, JJ and Grolemund, Garrett},
	year = {2018}
}

@article{macfarlane__pandoc_2012,
	title = {\_Pandoc {User}’s {Guide}\_},
	author = {MacFarlane, John},
	year = {2012}
}

@book{xie_bookdown:_2016,
	title = {Bookdown: {Authoring} {Books} and {Technical} {Documents} with {R} {Markdown}},
	isbn = {1-351-79260-1},
	publisher = {Chapman and Hall/CRC},
	author = {Xie, Yihui},
	year = {2016}
}

@book{xie_blogdown:_2017,
	title = {Blogdown: creating websites with {R} markdown},
	isbn = {1-351-10817-4},
	publisher = {CRC Press},
	author = {Xie, Yihui and Hill, Alison Presmanes and Thomas, Amber},
	year = {2017}
}

@article{nowok_synthpop:_2016-1,
	title = {synthpop: {Bespoke} creation of synthetic data in {R}},
	volume = {74},
	number = {11},
	journal = {Journal of statistical software},
	author = {Nowok, Beata and Raab, Gillian M and Dibben, Chris},
	year = {2016},
	pages = {1--26}
}

@article{burkner_brms:_2017,
	title = {brms: {An} {R} package for {Bayesian} multilevel models using {Stan}},
	volume = {80},
	issn = {1548-7660},
	number = {1},
	journal = {Journal of Statistical Software},
	author = {Bürkner, Paul-Christian},
	year = {2017},
	pages = {1--28}
}

@article{merkle_blavaan:_2015,
	title = {blavaan: {Bayesian} structural equation models via parameter expansion},
	journal = {arXiv preprint arXiv:1511.05604},
	author = {Merkle, Edgar C and Rosseel, Yves},
	year = {2015}
}

@article{rosseel_lavaan:_2012-1,
	title = {Lavaan: {An} {R} package for structural equation modeling and more. {Version} 0.5–12 ({BETA})},
	volume = {48},
	number = {2},
	journal = {Journal of statistical software},
	author = {Rosseel, Yves},
	year = {2012},
	pages = {1--36}
}

@article{ibrahim_power_2000,
	title = {Power prior distributions for regression models},
	volume = {15},
	issn = {0883-4237},
	number = {1},
	journal = {Statistical Science},
	author = {Ibrahim, Joseph G and Chen, Ming-Hui},
	year = {2000},
	pages = {46--60}
}

@book{spiegelhalter_bayesian_2004,
	title = {Bayesian approaches to clinical trials and health-care evaluation},
	volume = {13},
	isbn = {0-471-49975-7},
	publisher = {John Wiley \& Sons},
	author = {Spiegelhalter, David J and Abrams, Keith R and Myles, Jonathan P},
	year = {2004}
}

@book{ohagan_uncertain_2006-1,
	title = {Uncertain judgements: eliciting experts' probabilities},
	isbn = {0-470-03330-4},
	publisher = {John Wiley \& Sons},
	author = {O'Hagan, Anthony and Buck, Caitlin E. and Daneshkhah, Alireza and Eiser, J. Richard and Garthwaite, Paul H. and Jenkinson, David J. and Oakley, Jeremy E. and Rakow, Tim},
	year = {2006}
}

@article{zondervan-zwijnenburg_application_2017-1,
	title = {Application and evaluation of an expert judgment elicitation procedure for correlations},
	volume = {8},
	journal = {Frontiers in psychology},
	author = {Zondervan-Zwijnenburg, M and Van de Schoot-Hubeek, Wenneke and Lek, Kimberley and Hoijtink, Herbert and Van de Schoot, Rens},
	year = {2017},
	pages = {90}
}

@book{r_core_team_r:_2017-1,
	address = {Vienna, Austria},
	title = {R: {A} {Language} and {Environment} for {Statistical} {Computing}},
	url = {https://www.R-project.org/},
	publisher = {R Foundation for Statistical Computing},
	author = {{R Core Team}},
	year = {2017}
}

@article{drescher_toward_2013,
	title = {Toward rigorous use of expert knowledge in ecological research},
	volume = {4},
	issn = {2150-8925},
	number = {7},
	journal = {Ecosphere},
	author = {Drescher, M and Perera, A H and Johnson, C J and Buse, L and Drew, CA and Burgman, MA},
	year = {2013},
	pages = {1--26}
}

@incollection{aspinall_quantifying_2013,
	title = {Quantifying scientific uncertainty from expert judgement elicitation},
	isbn = {1-107-00619-8},
	booktitle = {Risk and uncertainty assessment for natural hazards},
	publisher = {Cambridge University Press Cambridge, UK},
	author = {Aspinall, W P and Cooke, R M},
	year = {2013},
	pages = {64}
}

@article{beach_intuitive_1968,
	title = {Intuitive statistical inferences about variances},
	volume = {3},
	doi = {10.1016/0030-5073(68)90001-9},
	journal = {Organ. Behav. Hum. Perform},
	author = {Beach, Lee Roy and Scopp, Thomas S},
	year = {1968},
	pages = {109--123}
}

@article{bistline_energy_2014,
	title = {Energy technology expert elicitations: an application to natural gas turbine efficiencies},
	volume = {86},
	issn = {0040-1625},
	journal = {Technological Forecasting and Social Change},
	author = {Bistline, John E},
	year = {2014},
	pages = {177--187}
}

@book{bloom_taxonomy_1956,
	address = {New York, NY},
	title = {Taxonomy of educational objectives: {Handbook} 1: {Cognitive} domain},
	publisher = {David McKay Co Inc},
	author = {Bloom, Benjamin Samuel and Engelhart, Max D and Furst, Edward J and Hill, Walker H and Krathwohl, David R},
	year = {1956}
}

@techreport{cooke_procedures_1999,
	address = {Brussels},
	title = {Procedures guide for structured expert judgment},
	institution = {Commission of the European Communities},
	author = {Cooke, R M and Goossens, L J H},
	year = {1999}
}

@article{cooke_tu_2008,
	title = {{TU} {Delft} expert judgment data base},
	volume = {93},
	issn = {0951-8320},
	number = {5},
	journal = {Reliability Engineering \& System Safety},
	author = {Cooke, R M and Goossens, L H J},
	year = {2008},
	pages = {657--674}
}

@book{de_finetti_theory_1974,
	address = {New York, NY},
	title = {Theory of {Probability}},
	volume = {1 and 2},
	publisher = {Wiley},
	author = {de Finetti, B},
	year = {1974}
}

@article{diamond_expert_2014,
	title = {Expert {Beliefs} {Regarding} {Novel} {Lipid}-{Based} {Approaches} to {Pediatric} {Intestinal} {Failure}-{Associated} {Liver} {Disease}},
	volume = {38},
	issn = {0148-6071},
	number = {6},
	journal = {Journal of Parenteral and Enteral Nutrition},
	author = {Diamond, Ivan R and Grant, Robert C and Feldman, Brian M and Tomlinson, George A and Pencharz, Paul B and Ling, Simon C and Moore, Aideen M and Wales, Paul W},
	year = {2014},
	pages = {702--710}
}

@article{fernandez_bayesian_1998-1,
	title = {On {Bayesian} modeling of fat tails and skewness},
	volume = {93},
	issn = {0162-1459},
	number = {441},
	journal = {Journal of the American Statistical Association},
	author = {Fernandez, Carmen and Steel, Mark F J},
	year = {1998},
	pages = {359--371}
}

@incollection{fischhoff_debiasing_1982,
	address = {Cambridge},
	title = {Debiasing},
	booktitle = {Judgment under {Uncertainty}: {Heuristics} and {Biases}},
	publisher = {Cambridge University Press},
	author = {Fischhoff, B},
	year = {1982},
	pages = {422--444}
}

@article{fischer_estimating_2013,
	title = {Estimating unknown parameters in haemophilia using expert judgement elicitation},
	volume = {19},
	issn = {1351-8216},
	number = {5},
	journal = {Haemophilia},
	author = {Fischer, K and Lewandowski, D and Janssen, MP},
	year = {2013},
	pages = {e282--e288}
}

@article{fisher_software_2012,
	title = {A software tool for elicitation of expert knowledge about species richness or similar counts},
	volume = {30},
	issn = {1364-8152},
	journal = {Environmental modelling \& software},
	author = {Fisher, Rebecca and O'Leary, Rebecca A and Low-Choy, Samantha and Mengersen, Kerrie and Caley, M Julian},
	year = {2012},
	pages = {1--14}
}

@article{goldstein_lay_2014,
	title = {Lay understanding of probability distributions},
	volume = {9},
	issn = {1930-2975},
	number = {1},
	journal = {Judgment \& Decision Making},
	author = {Goldstein, Daniel G and Rothschild, David},
	year = {2014}
}

@article{gore_biostatistics_1987,
	title = {Biostatistics and the medical research council},
	volume = {35},
	journal = {Med. Res. Council News},
	author = {Gore, S},
	year = {1987},
	pages = {19--20}
}

@article{hadorn_useof_2014,
	title = {Useof expert knowledge elicitation to estimate parameters in health economic decision models},
	volume = {30},
	issn = {0266-4623},
	number = {4},
	journal = {International journal of technology assessment in health care},
	author = {Hadorn, David and Kvizhinadze, Giorgi and Collinson, Lucie and Blakely, Tony},
	year = {2014},
	pages = {461--468}
}

@article{hald_world_2016,
	title = {World {Health} {Organization} estimates of the relative contributions of food to the burden of disease due to selected foodborne hazards: a structured expert elicitation},
	volume = {11},
	issn = {1932-6203},
	number = {1},
	journal = {PloS one},
	author = {Hald, Tine and Aspinall, Willy and Devleesschauwer, Brecht and Cooke, Roger and Corrigan, Tim and Havelaar, Arie H and Gibb, Herman J and Torgerson, Paul R and Kirk, Martyn D and Angulo, Fred J},
	year = {2016},
	pages = {e0145839}
}

@article{ho_volcanic_1997,
	title = {Volcanic hazard assessment incorporating expert knowledge: application to the {Yucca} {Mountain} region, {Nevada}, {USA}},
	volume = {29},
	issn = {0882-8121},
	number = {5},
	journal = {Mathematical geology},
	author = {Ho, Chih-Hsiang and Smith, Eugene I},
	year = {1997},
	pages = {615--627}
}

@article{hofstatter_uber_1939,
	title = {Uber die schatzung von gruppeneigenschaften},
	volume = {145},
	journal = {Z. Psychol.},
	author = {Hofstatter, P R},
	year = {1939},
	pages = {1--44}
}

@article{johnson_methods_2010,
	title = {Methods to elicit beliefs for {Bayesian} priors: a systematic review},
	volume = {63},
	issn = {0895-4356},
	number = {4},
	journal = {Journal of clinical epidemiology},
	author = {Johnson, S R and Tomlinson, George A and Hawker, Gillian A and Granton, John T and Feldman, Brian M},
	year = {2010},
	pages = {355--369}
}

@article{johnson_valid_2010,
	title = {A valid and reliable belief elicitation method for {Bayesian} priors},
	volume = {63},
	issn = {0895-4356},
	number = {4},
	journal = {Journal of clinical epidemiology},
	author = {Johnson, S R and Tomlinson, George A and Hawker, Gillian A and Granton, John T and Grosbein, Haddas A and Feldman, Brian M},
	year = {2010},
	pages = {370--383}
}

@article{kadane_application_1994,
	title = {An application of robust {Bayesian} analysis to a medical experiment},
	volume = {40},
	issn = {0378-3758},
	number = {2-3},
	journal = {Journal of statistical planning and inference},
	author = {Kadane, JB},
	year = {1994},
	pages = {221--232}
}

@article{lathrop_perceived_1967,
	title = {Perceived variability},
	volume = {73},
	doi = {10.1037/h0024344},
	journal = {Journal of Experimental Psychology},
	author = {Lathrop, Richard G},
	year = {1967},
	pages = {498--502}
}

@article{mason_development_2017,
	title = {Development of a practical approach to expert elicitation for randomised controlled trials with missing health outcomes: application to the {IMPROVE} trial},
	volume = {14},
	issn = {1740-7745},
	number = {4},
	journal = {Clinical Trials},
	author = {Mason, Alexina J and Gomes, Manuel and Grieve, Richard and Ulug, Pinar and Powell, Janet T and Carpenter, James},
	year = {2017},
	pages = {357--367}
}

@article{morris_web-based_2014,
	title = {A web-based tool for eliciting probability distributions from experts},
	volume = {52},
	issn = {1364-8152},
	journal = {Environmental Modelling \& Software},
	author = {Morris, David E and Oakley, Jeremy E and Crowe, John A},
	year = {2014},
	pages = {1--4}
}

@incollection{oakley_eliciting_2010,
	address = {London},
	title = {Eliciting univariate probability distributions},
	volume = {1},
	booktitle = {Rethinking {Risk} {Measurement} and {Reporting}},
	publisher = {Risk Books},
	author = {Oakley, Jeremy},
	year = {2010}
}

@article{van_de_schoot_bayesian_2018,
	title = {Bayesian {PTSD}-trajectory analysis with informed priors based on a systematic literature search and expert elicitation.},
	volume = {53},
	number = {2},
	journal = {Multivariate behavioral research},
	author = {Van de Schoot, Rens and Sijbrandij, M and Depaoli, S and Winter, S D and Olff, M and Van Loey, N E},
	year = {2018},
	pages = {267--291}
}

@article{wisniowski_forecasting_2014,
	title = {Forecasting {Scottish} migration in the context of the 2014 constitutional change debate},
	volume = {20},
	doi = {10.1002/psp.1856},
	journal = {Popul. Space Place},
	author = {Wisniowski, A and Bijak, J and Shang, H L},
	year = {2014},
	pages = {455--464}
}

@article{zondervan-zwijnenburg_where_2017,
	title = {Where do priors come from? {Applying} guidelines to construct informative priors in small sample research},
	volume = {14},
	doi = {10.1080/15427609.2017.1370966},
	journal = {Res. Hum. Dev.},
	author = {Zondervan-Zwijnenburg, M and Peeters, M and Depaoli, S and Van de Schoot, Rens},
	year = {2017},
	pages = {305--320}
}

@incollection{akaike_information_1973,
	address = {Budapest, Hungary},
	title = {Information theory as an extension of the maximum likelihood principle},
	booktitle = {Second international symposium on information theory},
	publisher = {Akademiai Kaido.},
	author = {Akaike, H.},
	year = {1973},
	pages = {267--281}
}

@article{berger_formal_2009,
	title = {The formal definition of reference priors},
	volume = {37},
	issn = {0090-5364},
	number = {2},
	journal = {The Annals of Statistics},
	author = {Berger, James O and Bernardo, José M and Sun, Dongchu},
	year = {2009},
	pages = {905--938}
}

@article{berger_estimating_1989,
	title = {Estimating a product of means: {Bayesian} analysis with reference priors},
	volume = {84},
	issn = {0162-1459},
	number = {405},
	journal = {Journal of the American Statistical Association},
	author = {Berger, James O and Bernardo, José M},
	year = {1989},
	pages = {200--207}
}

@incollection{barons_eliciting_2018,
	title = {Eliciting probabilistic judgements for integrating decision support systems},
	booktitle = {Elicitation},
	publisher = {Springer},
	author = {Barons, Martine J and Wright, Sophia K and Smith, Jim Q},
	editor = {Dias, Luis C. and Morton, Alec and Quigley, John},
	year = {2018},
	pages = {445--478}
}

@article{vehtari_practical_2017,
	title = {Practical {Bayesian} model evaluation using leave-one-out cross-validation and {WAIC}},
	volume = {27},
	issn = {0960-3174},
	number = {5},
	journal = {Statistics and Computing},
	author = {Vehtari, Aki and Gelman, Andrew and Gabry, Jonah},
	year = {2017},
	pages = {1413--1432}
}

@article{rouder_bayes_2011,
	title = {A {Bayes} factor meta-analysis of {Bem}'s {ESP} claim},
	volume = {18},
	issn = {1069-9384},
	number = {4},
	journal = {Psychonomic Bulletin \& Review},
	author = {Rouder, Jeffrey N and Morey, Richard D},
	year = {2011},
	pages = {682--689}
}

@article{luft_johari_1961,
	title = {The johari window},
	volume = {5},
	number = {1},
	journal = {Human Relations Training News},
	author = {Luft, Joseph and Ingham, Harry},
	year = {1961},
	pages = {6--7}
}

@book{plato_socrates_399bc,
	series = {Penguin {Classics}},
	title = {Socrates' {Defence}},
	isbn = {978-0-14-139764-1},
	number = {52},
	author = {Plato},
	year = {399 BC}
}

@article{bernardo_reference_1979,
	title = {Reference posterior distributions for {Bayesian} inference},
	issn = {0035-9246},
	journal = {Journal of the Royal Statistical Society. Series B (Methodological)},
	author = {Bernardo, Jose M},
	year = {1979},
	pages = {113--147}
}

@article{jeffreys_invariant_1946-1,
	title = {An invariant form for the prior probability in estimation problems},
	volume = {186},
	issn = {0080-4630},
	number = {1007},
	journal = {Proc. R. Soc. Lond. A},
	author = {Jeffreys, Harold},
	year = {1946},
	pages = {453--461}
}

@book{jeffreys_theory_1961,
	address = {London, UK},
	title = {Theory of probability},
	publisher = {Oxford University Press},
	author = {Jeffreys, Harold},
	year = {1961}
}

@book{plummer_rjags:_2018,
	title = {rjags: {Bayesian} {Graphical} {Models} using {MCMC}},
	url = {https://CRAN.R-project.org/package=rjags},
	author = {Plummer, Martyn},
	year = {2018},
	annote = {R package version 4-8}
}